@article{molina:1982,
    author = {Garcia-Molina, Hector},
    title = {Elections in a Distributed Computing System},
    journal = {Transactions on Computing Systems C-31},
    year = {1982}
}

@misc{ImprovedBullyElectionAlgorithm:2014,
  author = {P Beaulah Soundarabai and Ritesh Sahai and Thriveni J and  K R Venugopal and L M Patnaik},
  title = {Improved Bully Election Algorithm for Distributed Systems},
  year = {2014},
  note = {Last accessed 5 October 2023},
  url = {http://de.arxiv.org/abs/1403.3255v1}
}

@inbook{DistributedSystems:ch8,
  title={Distributed Systems},
  edition={4},
  author={Maarten van Steen and Andrew S. Tanenbaum},
  year={2023},
  publisher={Maarten van Steen},
  chapter={5}
}

@misc{Headless-service:2023,
  author = {Kubernetes},
  title = {Kubernetes Documentation / Service},
  year = {2023},
  note = {Last accessed 3 December 2023},
  url = {https://kubernetes.io/docs/concepts/services-networking/service/#headless-services.}
}

@misc{bullyInKubernetes,
  author = {CML},
  title = {Bully Algorithm Implementation in Kubernetes},
  year = {2023},
  url = {https://github.com/thecml/bully-in-kubernetes},
  note = {[Online; accessed 20 November 2023]}
}

@online{istio,
  author = {},
  title = {Istio},
  year = {},
  url = {https://istio.io/},
  note = {Accessed on 6 December 2023}
}

@online{youtubevideo,
  title = {Project 2},
  url = {https://www.youtube.com/watch?v=dvfqK8dEVHY},
  note = {Accessed on 6 December 2023}
}